<?xml version="1.0" encoding="UTF-8"?><collection xmlns="http://www.loc.gov/MARC21/slim"><record><leader>00391nam--2200133-i-4500</leader><controlfield tag="001">000020309</controlfield><controlfield tag="002">20161230</controlfield><controlfield tag="005">20161230201033</controlfield><controlfield tag="008">060222s1000------------r-----000-0-eng-d</controlfield><datafield ind1=" " ind2=" " tag="080"><subfield code="a">7(043)</subfield></datafield><datafield ind1=" " ind2=" " tag="100"><subfield code="a">Ellwart, Ursula</subfield></datafield><datafield ind1=" " ind2=" " tag="245"><subfield code="a">Menzels friedrichbulder (1849-1860) untersuchung zu ihrer zeitgenossischen razeption.dissertation</subfield></datafield><datafield ind1=" " ind2=" " tag="260"><subfield code="a">Tubingen, Universitat, 1985. 173 P</subfield></datafield><datafield ind1=" " ind2=" " tag="852"><subfield code="a">73042</subfield></datafield></record></collection>